@misc{enwiki:1107472758,
  author = "{Wikipedia contributors}",
  title = "Climate change --- {Wikipedia}{,} The Free Encyclopedia",
  year = "2022",
  url = "https://en.wikipedia.org/w/index.php?title=Climate_change&oldid=1107472758",
  note = "[Online; accessed 30-August-2022]"
}
  
@article{pages2019consistent,
  title={Consistent multidecadal variability in global temperature reconstructions and simulations over the Common Era},
  journal={Nature geoscience},
  volume={12},
  number={8},
  pages={643--649},
  year={2019},
  publisher={Nature Publishing Group UK London}
}

@article{meier2008volunteering,
  title={Is volunteering rewarding in itself?},
  author={Meier, Stephan and Stutzer, Alois},
  journal={Economica},
  volume={75},
  number={297},
  pages={39--59},
  year={2008},
  publisher={Wiley Online Library}
}

@article{mcclelland1998social,
  title={The social consequences of unemployment},
  author={McClelland, Alison and Macdonald, Fiona},
  journal={Report for the Business Council of Australia},
  year={1998}
}

@book{byrne2002interpreting,
  title={Interpreting quantitative data},
  author={Byrne, David},
  year={2002},
  publisher={Sage}
}

@book{cunningham2021causal,
  title={Causal inference: The Mixtape},
  author={Cunningham, Scott},
  year={2021},
  publisher={Yale University Press}
}

@article{reilich2011smoking,
  title={Smoking and Returns to Education- Empirical Evidence for Germany},
  author={Reilich, Julia},
  year={2011},
  publisher={SOEPpaper}
}

@article{baetschmann2016does,
  title={Does the stork deliver happiness? Parenthood and life satisfaction},
  author={Baetschmann, Gregori and Staub, Kevin E and Studer, Raphael},
  journal={Journal of Economic Behavior \& Organization},
  volume={130},
  pages={242--260},
  year={2016},
  publisher={Elsevier}
}

@article{stutzer2006does,
  title={Does marriage make people happy, or do happy people get married?},
  author={Stutzer, Alois and Frey, Bruno S},
  journal={The Journal of Socio-Economics},
  volume={35},
  number={2},
  pages={326--347},
  year={2006},
  publisher={Elsevier}
}

@article{pfeiler2020vegetarians,
  title={Do vegetarians feel bad? Examining the association between eating vegetarian and subjective well-being in two representative samples},
  author={Pfeiler, Tamara M and Egloff, Boris},
  journal={Food Quality and Preference},
  volume={86},
  pages={104018},
  year={2020},
  publisher={Elsevier}
}

@article{hall1986social,
  title={Social class and survival on the SS Titanic},
  author={Hall, Wayne},
  journal={Social science \& medicine},
  volume={22},
  number={6},
  pages={687--690},
  year={1986},
  publisher={Elsevier}
}

@article{stutzer2008stress,
  title={Stress that doesn't pay: The commuting paradox},
  author={Stutzer, Alois and Frey, Bruno S},
  journal={Scandinavian Journal of Economics},
  volume={110},
  number={2},
  pages={339--366},
  year={2008},
  publisher={Wiley Online Library}
}

@article{alonzo2021interplay,
  title={Interplay between social media use, sleep quality, and mental health in youth: A systematic review},
  author={Alonzo, Rea and Hussain, Junayd and Stranges, Saverio and Anderson, Kelly K},
  journal={Sleep medicine reviews},
  volume={56},
  pages={101414},
  year={2021},
  publisher={Elsevier}
}

@article{feeney1990attachment,
  title={Attachment style as a predictor of adult romantic relationships.},
  author={Feeney, Judith A and Noller, Patricia},
  journal={Journal of personality and Social Psychology},
  volume={58},
  number={2},
  pages={281},
  year={1990},
  publisher={American Psychological Association}
}

@article{schneid2015influence,
  title={The influence of cultural context on the relationship between gender diversity and team performance: A meta-analysis},
  author={Schneid, Matthias and Isidor, Rodrigo and Li, Chengguang and Kabst, R{\"u}diger},
  journal={The International Journal of Human Resource Management},
  volume={26},
  number={6},
  pages={733--756},
  year={2015},
  publisher={Taylor \& Francis}
}

@article{wilder2014effects,
  title={Effects of parental involvement on academic achievement: a meta-synthesis},
  author={Wilder, Sandra},
  journal={Educational Review},
  volume={66},
  number={3},
  pages={377--397},
  year={2014},
  publisher={Taylor \& Francis}
}

@article{kitchen2010quality,
  title={Quality of life and perceptions of crime in Saskatoon, Canada},
  author={Kitchen, Peter and Williams, Allison},
  journal={Social Indicators Research},
  volume={95},
  pages={33--61},
  year={2010},
  publisher={Springer}
}

@article{heim2023did,
  title={“How did you stay together so long?” Relationship longevity, a cross-generational qualitative study},
  author={Heim, Christian and Heim, Caroline},
  journal={Journal of Marital and Family Therapy},
  volume={49},
  number={4},
  pages={781--801},
  year={2023},
  publisher={Wiley Online Library}
}

@article{easterlin1973does,
  title={Does money buy happiness?},
  author={Easterlin, Richard A},
  journal={The public interest},
  volume={30},
  pages={3},
  year={1973},
  publisher={National Affairs, inc.}
}

@article{matthews2000storks,
  title={Storks deliver babies (p= 0.008)},
  author={Matthews, Robert},
  journal={Teaching Statistics},
  volume={22},
  number={2},
  pages={36--38},
  year={2000},
  publisher={Wiley Online Library}
}









